
    @phdthesis{KitaharaPhDThesis,
      author = {北原 鉄朗},
      title = {Computational Musical Instrument Recognition and Its Application to Content-based Music
      Information Retrieval},
      school = {博士論文 京都大学大学院情報学研究科},
      month　= {February },
      year = {2007}
    }
  
    @article{KitaharaIEAAIE2003,
      author = {Tetsuro Kitahara and Masataka Goto and Hiroshi
      G. Okuno},
      title = {Pitch-dependent Musical Instrument Identification and Its Application to Musical Sound
      Ontology},
      journal = {Developments in Applied Artificial Intelligence --- Proceedings of the 16th
      International Conference on Industrial Engineering Applications of Artificial Intelligence and
      Expert Systems (IEA/AIE-2003)},
      series = {LNAI 2718},
      volume = {},
      number = {},
      pages = {112--122},
      month = {July },
      year = {2003}
    }
  
    @article{KitaharaIPSJ2003,
      author = {北原 鉄朗 and 後藤 真孝 and 奥乃 博},
      title = {音高による音色変化に着目した楽器音の音源同定：F0依存多次元正規分布に基づく識別手法},
      journal = {情報処理学会論文誌},
      series = {},
      volume = {44},
      number = {10},
      pages = {2448--2458},
      month = {October },
      year = {2003}
    }
  
    @article{KitaharaIPSJ2004,
      author = {北原 鉄朗 and 後藤 真孝 and 奥乃 博},
      title = {音響的類似性を反映した楽器の階層表現の獲得とそれに基づく未知楽器のカテゴリーレベルの音源同定},
      journal = {情報処理学会論文誌},
      series = {特集「音楽情報科学」},
      volume = {45},
      number = {3},
      pages = {680--689},
      month = {March },
      year = {2004}
    }
  
    @article{IshidaIPSJ2004,
      author = {石田 克久 and 北原 鉄朗 and 武田 正之},
      title = {N-gramによる即興演奏の旋律補正},
      journal = {情報処理学会論文誌（テクニカルノート）},
      series = {特集「音楽情報科学」},
      volume = {45},
      number = {3},
      pages = {743--746},
      month = {March },
      year = {2004}
    }
  
    @article{IshidaIPSJ2005,
      author = {石田 克久 and 北原 鉄朗 and 武田 正之},
      title = {N-gramによる旋律の音楽的適否判定に基づいた即興演奏支援システム},
      journal = {情報処理学会論文誌},
      series = {特集「インタラクション：技術と展開」},
      volume = {46},
      number = {7},
      pages = {1549--1559},
      month = {July },
      year = {2005}
    }
  
    @article{KitaharaICEC2005,
      author = {Tetsuro Kitahara and Katsuhisa
      Ishida and Masayuki Takeda},
      title = {ism: Improvisation Supporting Systems with Melody Correction and Key Vibration},
      journal = {Entertainment Computing --- Proceedings of the 4th International Conference on
      Entertainment Computing (ICEC 2005)},
      series = {LNCS 3711},
      volume = {},
      number = {},
      pages = {315--327},
      month = {September },
      year = {2005}
    }
  
    @article{KitaharaApplIntell2005,
      author = {Tetsuro Kitahara and Masataka Goto and Hiroshi
      G. Okuno},
      title = {Pitch-dependent Identification of Musical Instrument Sounds},
      journal = {Applied Intelligence},
      series = {},
      volume = {23},
      number = {3},
      pages = {267--275},
      month = {December },
      year = {2005}
    }
  
    @article{FujiharaIPSJ2006,
      author = {藤原
      弘将 and 北原 鉄朗 and 後藤
      真孝 and 駒谷
      和範 and 尾形 哲也 and 奥乃 博},
      title = {伴奏音抑制と高信頼度フレーム選択に基づく楽曲の歌手名同定手法},
      journal = {情報処理学会論文誌},
      series = {特集「情報処理技術のフロンティア」},
      volume = {47},
      number = {6},
      pages = {1831--1843},
      month = {July },
      year = {2006}
    }
  
    @article{KitaharaIEICE2006,
      author = {北原 鉄朗 and 後藤
      真孝 and 駒谷
      和範 and 尾形 哲也 and 奥乃 博},
      title = {多重奏を対象とした音源同定： 混合音テンプレートを用いた音の重なりに頑健な特徴量の重みづけ および音楽的文脈の利用},
      journal = {電子情報通信学会論文誌},
      series = {},
      volume = {J89-D},
      number = {12},
      pages = {2721--2733},
      month = {December },
      year = {2006}
    }
  
    @article{KitaharaEURASIP2006,
      author = {Tetsuro Kitahara and Masataka Goto and Kazunori Komatani and Tetsuya
      Ogata and Hiroshi
      G. Okuno},
      title = {Instrument Identification in Polyphonic Music: Feature Weighting to Minimize Influence of
      Sound Overlaps},
      journal = {EURASIP Journal on Advances in Signal Processing},
      series = {Special Issue on Music Information Retrieval based on Signal Processing},
      volume = {2007},
      number = {51979},
      pages = {1--15},
      month = {},
      year = {2007}
    }
  
    @article{KitaharaIPSJ2007,
      author = {Tetsuro Kitahara and Masataka Goto and Kazunori Komatani and Tetsuya
      Ogata and Hiroshi
      G. Okuno},
      title = {Instrogram: Probabilistic Representation of Instrument Existence for Polyphonic Music},
      journal = {IPSJ Journal},
      series = {Special Issue on Convenient, Familiar Music Information Processing},
      volume = {48},
      number = {1},
      pages = {214--226},
      month = {January },
      year = {2007}
    }
  
    @article{,
      author = {Francois Pachet（著） and 北原 鉄朗（訳）},
      title = {デジタル音楽配信のためのコンテンツ管理},
      journal = {Communications of the ACM 日本語版},
      series = {},
      volume = {4},
      number = {2},
      pages = {1--6},
      month = {June },
      year = {2004}
    }
  
    @article{,
      author = {Bryan Pardo（著） and 北原 鉄朗（訳）},
      title = {音楽情報検索},
      journal = {Communications of the ACM 日本語版},
      series = {},
      volume = {6},
      number = {2},
      pages = {1--3},
      month = {},
      year = {2007}
    }
  
    @article{,
      author = {Avery Wang（著） and 北原 鉄朗（訳）},
      title = {Shazam 音楽認識サービス},
      journal = {Communications of the ACM 日本語版},
      series = {},
      volume = {6},
      number = {2},
      pages = {17--21},
      month = {},
      year = {2007}
    }
  
    @article{,
      author = {奥乃 博 and 北原 鉄朗 and 吉井 和佳},
      title = {楽曲の特徴量抽出と検索技術},
      journal = {電気学会誌},
      series = {特集「音響機器は進歩している」},
      volume = {127},
      number = {7},
      pages = {417--420},
      month = {July },
      year = {2007}
    }
  
    @article{KitaharaIPSJ2009,
      author = {北原 鉄朗 and 勝占 真規子 and 片寄 晴弘 and 長田 典子},
      title = {ベイジアンネットワークを用いた自動コードヴォイシングシステム},
      journal = {情報処理学会論文誌},
      series = {特集「音楽情報処理」},
      volume = {50},
      number = {3},
      pages = {1067--1078},
      month = {March },
      year = {2009}
    }
  
    @article{KitaharaDTMM2009,
      author = {北原 鉄朗},
      title = {音楽情報処理最前線！ 楽器で音楽が探せる 「楽器認識技術」が叶える音楽の新しい聴き方・探し方},
      journal = {DTM Magazine},
      series = {},
      volume = {176},
      number = {},
      pages = {102--103},
      month = {February },
      year = {2009}
    }
  
    @article{HashidaIPSJ009,
      author = {橋田 光代 and 松井 淑恵 and 北原 鉄朗 and 片寄 晴弘},
      title = {ピアノ名演奏の演奏表現情報と音楽構造情報を対象とした音楽演奏表情データベースCrestMusePEDBの構築},
      journal = {情報処理学会論文誌},
      series = {特集「音楽情報処理」},
      volume = {50},
      number = {3},
      pages = {1090--1099},
      month = {March },
      year = {2009}
    }
  
    @article{KitaharaIPSJ2009b,
      author = {北原 鉄朗 and 戸谷 直之 and 徳網 亮輔 and 片寄 晴弘},
      title = {BayesianBand：ユーザとシステムが相互に予測し合うジャムセッションシステム},
      journal = {情報処理学会論文誌（テクニカルノート）},
      series = {特集「エンターテインメントコンピューティング」},
      volume = {50},
      number = {12},
      pages = {2949--2953},
      month = {December },
      year = {2010}
    }
  
    @article{FujiharaASLP2009,
      author = {Hiromasa Fujihara and Masataka Goto and Tetsuro Kitahara and Hiroshi
      G. Okuno},
      title = {Singing Voice Representation Robust to Accompaniment Sounds and Its Application to Singer
      Identification and Vocal-timbre-similarity-based Music Information Retrieval},
      journal = {IEEE Transaction on Audio, Speech, and Language Processing},
      series = {Special Issue on Signal Models and Representation of Musical and Environmental Sounds},
      volume = {18},
      number = {3},
      pages = {638--648},
      month = {March },
      year = {2010}
    }
  
    @article{HiraiIPSJ2009,
      author = {平井 重行 and 橋田 光代 and 北原 鉄朗 and 竹川 佳成 and 片寄 晴弘},
      title = {音楽とヒューマンインタフェース},
      journal = {情報処理},
      series = {特集「音楽処理技術の最前線」},
      volume = {50},
      number = {8},
      pages = {756--763},
      month = {August },
      year = {2009}
    }
  
    @article{KitaharaJSAI2009,
      author = {北原 鉄朗},
      title = {私のブックマーク「音楽情報処理」},
      journal = {人工知能学会誌},
      series = {},
      volume = {24},
      number = {5},
      pages = {921--929},
      month = {November },
      year = {2009}
    }
  
    @inproceedings{KitaharaIPSJNC2001,
      author = {北原 鉄朗 and 後藤 真孝 and 奥乃 博},
      title = {楽器音オントロジー作成のための楽器音特徴抽出},
      booktitle = {情報処理学会 第62回全国大会},
      series = {4M-5},
      volume = {},
      number = {},
      pages = {},
      month = {March },
      year = {2001}
    }
  
    @inproceedings{YanagawaIPSJNC2002,
      author = {柳川 貴央 and 北原 鉄朗 and 武田 正之},
      title = {即興演奏における演奏補正システム},
      booktitle = {情報処理学会 第64回全国大会},
      series = {1L-5},
      volume = {},
      number = {},
      pages = {},
      month = {March },
      year = {2002}
    }
  
    @inproceedings{KitaharaASJ2002,
      author = {北原 鉄朗 and 後藤 真孝 and 奥乃 博},
      title = {音色空間の音高依存性を考慮した楽器音の音源同定},
      booktitle = {日本音響学会2002年秋季研究発表会 講演論文集},
      series = {1-1-4},
      volume = {},
      number = {},
      pages = {643--644},
      month = {September },
      year = {2002}
    }
  
    @inproceedings{KitaharaIPSJNC2003,
      author = {北原 鉄朗 and 後藤 真孝 and 奥乃 博},
      title = {音響的類似性に基づく楽器音の階層的クラスタリング},
      booktitle = {情報処理学会 第64回全国大会},
      series = {1P-1},
      volume = {},
      number = {},
      pages = {},
      month = {March },
      year = {2003}
    }
  
    @inproceedings{YoshiiIPSJNC2003,
      author = {吉井 和佳 and 北原 鉄朗 and 櫻庭
      洋平 and 奥乃 博},
      title = {教師なしクラスタリングと認識誤りパターンを利用した打楽器音の音源同定},
      booktitle = {情報処理学会 第64回全国大会},
      series = {1P-3},
      volume = {},
      number = {},
      pages = {},
      month = {March },
      year = {2003}
    }
  
    @inproceedings{IshidaIPSJNC2003,
      author = {石田 克久 and 北原 鉄朗 and 柳川 貴央 and 奥乃 博},
      title = {統計的アプローチに基づく即興演奏補正},
      booktitle = {情報処理学会 第64回全国大会},
      series = {1P-3},
      volume = {},
      number = {},
      pages = {},
      month = {March },
      year = {2003}
    }
  
    @inproceedings{KitaharaICASSP2003,
      author = {Tetsuro Kitahara and Masataka Goto and Hiroshi
      G. Okuno},
      title = {Musical Instrument Identification based on F0-dependent Multivariate Normal Distribution},
      booktitle = {Proceedings of
      the 2003 IEEE International Conference on Acoustics, Speech, and Signal Processing},
      series = {},
      volume = {V},
      number = {},
      pages = {421--424},
      month = {April },
      year = {2003}
    }
  
    @inproceedings{KitaharaICME2003,
      author = {Tetsuro Kitahara and Masataka Goto and Hiroshi
      G. Okuno},
      title = {Musical Instrument Identification based on F0-dependent Multivariate Normal Distribution},
      booktitle = {Proceedings of the 2003 IEEE International Conference
      on Multimedia & Expo},
      series = {},
      volume = {III},
      number = {},
      pages = {409--412},
      month = {July },
      year = {2003}
    }
  
    @inproceedings{KitaharaIPSJNC2004,
      author = {北原 鉄朗 and 後藤 真孝 and 奥乃 博},
      title = {未知の楽器を考慮する楽器音の音源同定},
      booktitle = {情報処理学会 第66回全国大会},
      series = {3ZA-3},
      volume = {},
      number = {},
      pages = {},
      month = {March },
      year = {2004}
    }
  
    @inproceedings{YoshiokaIPSJNC2004,
      author = {吉岡 拓也 and 吉井 和佳 and 北原 鉄朗 and 櫻庭
      洋平 and 尾形 哲也 and 奥乃 博},
      title = {音楽音響信号を対象とした和音変化時刻と和音名の同時認識},
      booktitle = {情報処理学会 第66回全国大会},
      series = {3ZA-4},
      volume = {},
      number = {},
      pages = {},
      month = {March },
      year = {2004}
    }
  
    @inproceedings{KitaharaISMA2004,
      author = {Tetsuro Kitahara and Masataka Goto and Hiroshi
      G. Okuno},
      title = {Acoustical-similarity-based Musical Instrument Hierarchy and Its Application to Musical
      Instrument Identification},
      booktitle = {Proceedings of the 2004 International Symposium on
      Musical Acoustics},
      series = {3-S2-12},
      volume = {},
      number = {},
      pages = {397--300},
      month = {April },
      year = {2004}
    }
  
    @inproceedings{KitaharaICASSP2004,
      author = {Tetsuro Kitahara and Masataka Goto and Hiroshi
      G. Okuno},
      title = {Category-level Identification of Non-registered Musical Instrument Sounds},
      booktitle = {Proceedings of
      the 2004 IEEE International Conference on Acoustics, Speech, and Signal Processing},
      series = {},
      volume = {IV},
      number = {},
      pages = {253--256},
      month = {May },
      year = {2004}
    }
  
    @inproceedings{SakurabaICASSP2004,
      author = {Yohei Sakuraba and Tetsuro Kitahara and Hiroshi
      G. Okuno},
      title = {Comparing Features for Forming Music Streams in Automatic Music Transcription},
      booktitle = {Proceedings of
      the 2004 IEEE International Conference on Acoustics, Speech, and Signal Processing},
      series = {},
      volume = {IV},
      number = {},
      pages = {273--376},
      month = {May },
      year = {2004}
    }
  
    @inproceedings{IshidaNIME2004,
      author = {Katsuhisa
      Ishida and Tetsuro Kitahara and Masayuki Takeda},
      title = {ism: Improvisation Supporting System based on Melody Correction},
      booktitle = {Proceedings of the International Conference on New
      Interfaces for Musical Expression },
      series = {},
      volume = {},
      number = {},
      pages = {177--180},
      month = {June },
      year = {2004}
    }
  
    @inproceedings{YoshiokaISMIR2004,
      author = {Takuya Yoshioka and Tetsuro Kitahara and Kazunori Komatani and Tetsuya
      Ogata and Hiroshi
      G. Okuno},
      title = {Automatic Chord Transcription with Concurrent Recognition of Chord Symbols and Boundaries},
      booktitle = {Proceedings of
      the 5th International Conference on Music Information Retrieval},
      series = {},
      volume = {},
      number = {},
      pages = {100--105},
      month = {October },
      year = {2004}
    }
  
    @inproceedings{KitaharaIPSJNC2005,
      author = {北原 鉄朗 and 後藤 真孝 and 駒谷
      和範 and 尾形 哲也 and 奥乃 博},
      title = {多重奏の音源同定のための混合音からのテンプレート作成法},
      booktitle = {情報処理学会 第67回全国大会},
      series = {3G-4},
      volume = {},
      number = {},
      pages = {},
      month = {March },
      year = {2005}
    }
  
    @inproceedings{IshidaASJ2004a,
      author = {石田 克久 and 北原 鉄朗 and 武田 正之},
      title = {統計モデルに基づく旋律妥当性判定手法を用いた即興演奏支援},
      booktitle = {日本音響学会2004年秋季研究発表会 講演論文集},
      series = {2-6-8},
      volume = {},
      number = {},
      pages = {783--784},
      month = {September },
      year = {2004}
    }
  
    @inproceedings{FujiharaIPSJNC2005,
      author = {藤原
      弘将 and 北原 鉄朗 and 後藤
      真孝 and 尾形 哲也 and 奥乃 博},
      title = {歌声の調波構造抽出を用いた歌手名の同定},
      booktitle = {情報処理学会 第67回全国大会},
      series = {3R-8},
      volume = {},
      number = {},
      pages = {},
      month = {March },
      year = {2005}
    }
  
    @inproceedings{KitaharaISMIR2005,
      author = {Tetsuro Kitahara and Masataka Goto and Kazunori Komatani and Tetsuya
      Ogata and Hiroshi
      G. Okuno},
      title = {Instrument Identification in Polyphonic Music: Feature Weighting with Mixed Sounds,
      Pitch-dependent Timbre Modeling, and Use of Musical Context},
      booktitle = {Proceedings of
      the 6th International Conference on Music Information Retrieval },
      series = {},
      volume = {},
      number = {},
      pages = {558--563},
      month = {September },
      year = {2005}
    }
  
    @inproceedings{FujiharaISMIR2005,
      author = {Hiromasa Fujihara and Tetsuro Kitahara and Masataka Goto and Kazunori Komatani and Tetsuya
      Ogata and Hiroshi
      G. Okuno},
      title = {Singer Identification based on Accompaniment Sound Reduction and Reliable Frame Selection},
      booktitle = {Proceedings of
      the 6th International Conference on Music Information Retrieval },
      series = {},
      volume = {},
      number = {},
      pages = {329--336},
      month = {September },
      year = {2005}
    }
  
    @inproceedings{KaijiriSI2005,
      author = {海尻 聡 and 石原 一志 and 北原 鉄朗 and Valin Jean-Marc and 駒谷
      和範 and 尾形 哲也 and 奥乃 博},
      title = {ロボットによる周囲状況把握のための雑音下での環境音認識},
      booktitle = {計測自動制御学会 第6回システムインテグレーション部門講演会 (SI2005)},
      series = {},
      volume = {},
      number = {},
      pages = {},
      month = {December },
      year = {2005}
    }
  
    @inproceedings{ItoyamaIPSJNC2006,
      author = {糸山 克寿 and 北原 鉄朗 and 駒谷
      和範 and 尾形 哲也 and 奥乃 博},
      title = {多重奏中特定パートの自動採譜における複数特徴量の自動重み付け},
      booktitle = {情報処理学会 第68回全国大会},
      series = {2L-6},
      volume = {},
      number = {},
      pages = {},
      month = {March },
      year = {2006}
    }
  
    @inproceedings{NishiyamaIPSJNC2006,
      author = {西山 正紘 and 北原 鉄朗 and 駒谷
      和範 and 尾形 哲也 and 奥乃 博},
      title = {標題音楽アノテーションのための階層的物語タグの設計},
      booktitle = {情報処理学会 第68回全国大会},
      series = {3L-6},
      volume = {},
      number = {},
      pages = {},
      month = {March },
      year = {2006}
    }
  
    @inproceedings{TaguchiIPSJNC2006,
      author = {田口 明裕 and 北原 鉄朗 and 石原 一志 and 駒谷
      和範 and 尾形 哲也 and 奥乃 博},
      title = {擬音語表現を利用した環境音のためのXMLタグの設計と自動付与},
      booktitle = {情報処理学会 第68回全国大会},
      series = {3L-7},
      volume = {},
      number = {},
      pages = {},
      month = {March },
      year = {2006}
    }
  
    @inproceedings{KitaharaASJ2006s,
      author = {北原 鉄朗 and 後藤
      真孝 and 駒谷
      和範 and 尾形 哲也 and 奥乃 博},
      title = {Instrogram：楽器存在確率に基づく音楽視覚表現法},
      booktitle = {日本音響学会2006年春季研究発表会 講演論文集},
      series = {2-2-13},
      volume = {},
      number = {},
      pages = {},
      month = {March },
      year = {2006}
    }
  
    @inproceedings{FujiharaASJ2006s,
      author = {藤原
      弘将 and 北原 鉄朗 and 後藤
      真孝 and 駒谷
      和範 and 尾形 哲也 and 奥乃 博},
      title = {調波構造抽出と高信頼度フレーム選択を用いた雑音下での話者識別},
      booktitle = {日本音響学会2006年春季研究発表会 講演論文集},
      series = {1-11-17},
      volume = {},
      number = {},
      pages = {},
      month = {March },
      year = {2006}
    }
  
    @inproceedings{KitaharaASJ2005,
      author = {北原 鉄朗 and 後藤 真孝 and 駒谷
      和範 and 尾形 哲也 and 奥乃 博},
      title = {混合音からの特徴量テンプレート作成と音楽的文脈の利用による多重奏の音源同定},
      booktitle = {日本音響学会2005年秋季研究発表会 講演論文集},
      series = {3-10-15},
      volume = {},
      number = {},
      pages = {},
      month = {September },
      year = {2005}
    }
  
    @inproceedings{KitaharaICASSP2006,
      author = {Tetsuro Kitahara and Masataka Goto and Kazunori Komatani and Tetsuya
      Ogata and Hiroshi
      G. Okuno},
      title = {Instrogram: A New Musical Instrument Recognition Technique without Using Onset Detection
      nor F0 Estimation},
      booktitle = {Proceedings of
      the 2006 IEEE International Conference on Acoustics, Speech, and Signal Processing},
      series = {},
      volume = {V},
      number = {},
      pages = {229--232},
      month = {May },
      year = {2006}
    }
  
    @inproceedings{FujiharaICASSP2006,
      author = {Hiromasa Fujihara and Tetsuro Kitahara and Masataka Goto and Kazunori Komatani and Tetsuya
      Ogata and Hiroshi
      G. Okuno},
      title = {F0 Estimation Method for Singing Voice in Polyphonic Audio Signal based on Statistical
      Vocal Model and Viterbi Search},
      booktitle = {Proceedings of
      the 2006 IEEE International Conference on Acoustics, Speech, and Signal Processing},
      series = {},
      volume = {V},
      number = {},
      pages = {253--256},
      month = {May },
      year = {2006}
    }
  
    @inproceedings{FujiharaICSLP2006,
      author = {Hiromasa Fujihara and Tetsuro Kitahara and Masataka Goto and Kazunori Komatani and Tetsuya
      Ogata and Hiroshi
      G. Okuno},
      title = {Speaker Identification under Noisy Environments by using Harmonic Structure Extraction
      and Reliable Frame Weighting},
      booktitle = {Proceedings of the International Conference on
      Spoken Language Processing},
      series = {},
      volume = {},
      number = {},
      pages = {},
      month = {September },
      year = {2006}
    }
  
    @inproceedings{ItoyamaISMIR2006,
      author = {Katsutoshi Itoyama and Tetsuro Kitahara and Kazunori Komatani and Tetsuya
      Ogata and Hiroshi
      G. Okuno},
      title = {Automatic Feature Weighting in Automatic Transcription of Specified Part in Polyphonic
      Music},
      booktitle = {Proceedings of
      the 7th International Conference on Music Information Retrieval },
      series = {},
      volume = {},
      number = {},
      pages = {},
      month = {October },
      year = {2006}
    }
  
    @inproceedings{KitaharaISM2006,
      author = {Tetsuro Kitahara and Masataka Goto and Kazunori Komatani and Tetsuya
      Ogata and Hiroshi
      G. Okuno},
      title = {Musical Instrument Recognizer ``Instrogram'' and Its Application to Music Retrieval based
      on Instrumentation Similarity},
      booktitle = {Proceesings of the 8th IEEE International Symposium on
      Multimedia},
      series = {},
      volume = {},
      number = {},
      pages = {265--272},
      month = {December },
      year = {2006}
    }
  
    @inproceedings{KitaharaASJ2006a,
      author = {北原 鉄朗 and 後藤
      真孝 and 駒谷
      和範 and 尾形 哲也 and 奥乃 博},
      title = {Instrogramを用いた類似楽曲検索},
      booktitle = {日本音響学会2006年秋季研究発表会 講演論文集},
      series = {2-7-1},
      volume = {},
      number = {},
      pages = {},
      month = {September },
      year = {2006}
    }
  
    @inproceedings{NishiyamaIPSJNC2007,
      author = {西山 正紘 and 北原 鉄朗 and 駒谷
      和範 and 尾形 哲也 and 奥乃 博},
      title = {マルチメディアコンテンツにおける音楽と映像の調和に関する分析},
      booktitle = {情報処理学会 第70回全国大会},
      series = {2N-6},
      volume = {},
      number = {},
      pages = {},
      month = {March },
      year = {2007}
    }
  
    @inproceedings{ShimizuIPSJNC2007,
      author = {清水 敬太 and 北原 鉄朗 and 駒谷
      和範 and 尾形 哲也 and 奥乃 博},
      title = {OnomaTree：擬音語と木構造を併用した環境音検索インターフェース},
      booktitle = {情報処理学会 第69回全国大会},
      series = {3N-7},
      volume = {},
      number = {},
      pages = {},
      month = {March },
      year = {2007}
    }
  
    @inproceedings{KitaharaASJ2007a,
      author = {北原 鉄朗 and 橋田 光代 and 片寄 晴弘},
      title = {音楽情報処理のための共通データフォーマットCrestMuseXML−全体構想と基本設計方針−},
      booktitle = {日本音響学会2007年秋季研究発表会 講演論文集},
      series = {2-1-4},
      volume = {},
      number = {},
      pages = {},
      month = {September },
      year = {2007}
    }
  
    @inproceedings{KitaharaIEICE,
      author = {北原 鉄朗 and 後藤
      真孝 and 奥乃 博 and 片寄 晴弘},
      title = {Instrogram：多重奏中の楽器構成に関する確率論的表現法},
      booktitle = {電子情報通信学会2008年総合大会},
      series = {AS-5-4},
      volume = {},
      number = {},
      pages = {},
      month = {March },
      year = {2008}
    }
  
    @inproceedings{KazetaniIPSJNC2008,
      author = {風谷 真志 and 北原 鉄朗 and 片寄 晴弘},
      title = {確率文脈自由文法を用いた事例参照型自動作曲システム},
      booktitle = {情報処理学会 第70回全国大会},
      series = {3X-3},
      volume = {},
      number = {},
      pages = {},
      month = {March },
      year = {2008}
    }
  
    @inproceedings{KitaharaICMPC2008a,
      author = {Tetsuro Kitahara and Makiko Katsura and Haruhiro Katayose and Noriko Nagata},
      title = {Computational Model for Automatic Chord Voicing based on Bayesian Network},
      booktitle = {Proceedings of the 10th International Conference on
      Music Perception and Cognition},
      series = {},
      volume = {},
      number = {},
      pages = {395--398},
      month = {August },
      year = {2008}
    }
  
    @inproceedings{KitaharaICMPC2008b,
      author = {Tetsuro Kitahara and Masahiro Nishiyama and Hiroshi
      G. Okuno},
      title = {Computational Model of Congruency between Music and Video},
      booktitle = {Proceedings of the 10th International Conference on
      Music Perception and Cognition},
      series = {},
      volume = {},
      number = {},
      pages = {},
      month = {August },
      year = {2008}
    }
  
    @inproceedings{HashidaICMPC2008,
      author = {Mitsuyo Hashida and Teresa M. Nakra and Haruhiro Katayose and Tadahiro Murao and Keiji Hirata and Kenji Suzuki and Tetsuro Kitahara},
      title = {Rencon: Performance Rendering Contest for Automated Music Systems},
      booktitle = {Proceedings of the 10th International Conference on
      Music Perception and Cognition},
      series = {},
      volume = {},
      number = {},
      pages = {53--57},
      month = {August },
      year = {2008}
    }
  
    @inproceedings{TsuchihashiISMIR2008,
      author = {Yusuke Tsuchihashi and Tetsuro Kitahara and Haruhiro Katayose},
      title = {Using Bass-line Features for Content-based MIR},
      booktitle = {Proceedings of
      the 9th International Conference on Music Information Retrieval },
      series = {},
      volume = {},
      number = {},
      pages = {620--625},
      month = {September },
      year = {2008}
    }
  
    @inproceedings{KitaharaMASP2008,
      author = {Tetsuro Kitahara and Yusuke Tsuchihashi and Haruhiro Katayose},
      title = {Music Genre Classification and Similarity Calculation Using Bass-line Features},
      booktitle = {Proceesings of the 10th IEEE
      International Symposium on Multimedia, Workshop on Multimedia Audio and Speech Processing},
      series = {},
      volume = {},
      number = {},
      pages = {574--579},
      month = {December },
      year = {2008}
    }
  
    @inproceedings{KitaharaASJ2008,
      author = {北原 鉄朗 and 片寄 晴弘},
      title = {MIDIデータのベロシティを異なる音源に適応させる試み},
      booktitle = {日本音響学会2008年秋季研究発表会 講演論文集},
      series = {1-9-16},
      volume = {},
      number = {},
      pages = {},
      month = {September },
      year = {2008}
    }
  
    @inproceedings{KobayashiJSAI2008,
      author = {小林 一樹 and 北原 鉄朗},
      title = {効率的なロボットプログラミング環境の実現に向けて},
      booktitle = {第22回人工知能学会全国大会},
      series = {2G1-1},
      volume = {},
      number = {},
      pages = {},
      month = {May },
      year = {2008}
    }
  
    @inproceedings{KitaharaICEC2009,
      author = {Tetsuro Kitahara and Naoyuki Totani and Ryosuke Tokuami and Haruhiro Katayose},
      title = {BayesianBand: Jam Session System based on Mutual Prediction by User and System},
      booktitle = {Entertainment Computing: Proceedings of the 10th International Conference on
    Entertainment Computing (ICEC 2009)},
      series = {},
      volume = {},
      number = {},
      pages = {179--184},
      month = {September },
      year = {2009}
    }
  
    @inproceedings{YamakawaIPSJNC2010,
      author = {山川 暢英 and 北原 鉄朗 and 高橋 徹 and 駒谷 和範 and 尾形 哲也 and 奥乃 博},
      title = {環境音から擬音語への自動変換における特徴量抽出法の検討},
      booktitle = {情報処理学会第72回全国大会},
      series = {3U-9},
      volume = {},
      number = {},
      pages = {},
      month = {March },
      year = {2010}
    }
  
    @inproceedings{MizumotoIPSJNC2010,
      author = {水本 直希 and 北原 鉄朗 and 片寄 晴弘},
      title = {エレキギターにおける演奏情報の特徴抽出},
      booktitle = {情報処理学会第72回全国大会},
      series = {5T-1},
      volume = {},
      number = {},
      pages = {},
      month = {March },
      year = {2010}
    }
  
    @inproceedings{SuguruIPSJNC2010,
      author = {村主 大輔 and 森勢 将雅 and 北原 鉄朗 and 片寄 晴弘},
      title = {奄美大島民謡風歌声合成のためのコブシに着目した歌声の特徴分析},
      booktitle = {情報処理学会第72回全国大会},
      series = {6U-4},
      volume = {},
      number = {},
      pages = {},
      month = {March },
      year = {2010}
    }
  
    @incollection{KitaharaAMIR2010,
      author = {Tetsuro Kitahara},
      title = {Mid-level Representations of Musical Audio Signals for Music Information Retrieval},
      booktitle = {Advances in Music Information Retrieval},
      series = {Studies in Computational Intelligence 274},
      volume = {},
      number = {},
      pages = {},
      publisher = {Springer},
      month = {February },
      year = {2010}
    }
  