
    @article{YamakawaIEAAIE2011,
      author = {Nobuhide Yamakawa and Toru Takahashi and Tetsuro Kitahara and Tetsuya Ogata and Hiroshi G. Okuno},
      title = {Environmental Sound Recognition for Robot Audition using Matching-pursuit},
      journal = {Modern Approaches in Applied Intelligence: 24th International Conference on Industrial Engineering and Other Applications of Applied Intelligent Systems, IEA/AIE 2011},
      series = {Lecture Notes in Artificial Intelligence 6704},
      volume = {},
      number = {},
      pages = {1--10},
      month = {June },
      year = {2011}
    }
  
    @article{MatsubaraJSSST2013,
      author = {松原 正樹 and 深山 覚 and 奥村 健太 and 寺村 佳子 and 大村 英史 and 橋田 光代 and 北原 鉄朗},
      title = {創作過程の分類に基づく自動音楽生成研究のサーベイ},
      journal = {コンピュータソフトウェア（日本ソフトウェア科学会 学会誌）},
      series = {},
      volume = {30},
      number = {1},
      pages = {101--118},
      month = {March },
      year = {2013}
    }
  
    @article{TsuchiyaIPSJ2013,
      author = {土屋 裕一 and 北原 鉄朗},
      title = {音符を単位としない旋律編集のための旋律概形抽出手法},
      journal = {情報処理学会論文誌（テクニカルノート）},
      series = {},
      volume = {54},
      number = {4},
      pages = {1302--1307},
      month = {April },
      year = {2013}
    }
  
    @article{SyunpeiJNMR2014,
      author = {Syunpei Suzuki and Tetsuro Kitahara},
      title = {Four-part Harmonization Using Bayesian Networks: Pros and Cons of Introducing Chord Nodes},
      journal = {Journal of New Music Research},
      series = {},
      volume = {43},
      number = {3},
      pages = {331--353},
      month = {September },
      year = {2014}
    }
  
    @article{KitaharaIEICE2015,
      author = {Tetsuro Kitahara and Shunsuke Hokari and Tatsuya Nagayasu},
      title = {Supporting Jogging at an Even Pace by Synchronizing Music
Playback Speed with Runner's Pace},
      journal = {IEICE Transactions on Information and Systems (Letter)},
      series = {},
      volume = {E98-D},
      number = {4},
      pages = {968--971},
      month = {April },
      year = {2015}
    }
  
    @article{KitaharaIEICEmag2015,
      author = {北原 鉄朗 and 深山 覚},
      title = {自動作曲・自動編曲の現状と課題},
      journal = {電子情報通信学会誌},
      series = {小特集「音楽情報処理技術：分析から合成・作曲・利活用まで」},
      volume = {98},
      number = {6},
      pages = {475--479},
      month = {June },
      year = {2015}
    }
  
    @article{KitaharaIPSJmag2016,
      author = {北原 鉄朗 and 永野 秀尚},
      title = {特集「音楽を軸に拡がる情報科学」編集にあたって},
      journal = {情報処理（情報処理学会誌）},
      series = {},
      volume = {57},
      number = {6},
      pages = {504--505},
      month = {June },
      year = {2016}
    }
  
    @article{KitaharaVRSJ2012,
      author = {北原 鉄朗},
      title = {BOOK REVIEW: 音楽はなぜ心に響くのか---音楽音響学と音楽を解き明かす諸科学---},
      journal = {日本バーチャル・リアリティ学会誌},
      series = {},
      volume = {17},
      number = {4},
      pages = {268},
      month = {December },
      year = {2012}
    }
  
    @article{JunichiIPSJ2016,
      author = {鈴木 潤一 and 北原 鉄朗},
      title = {複数人が同一空間で音楽を聴くための選曲・再生システム},
      journal = {情報処理学会論文誌（テクニカルノート）},
      series = {},
      volume = {57},
      number = {12},
      pages = {2526--2530},
      month = {December },
      year = {2016}
    }
  
    @article{KuriharaIPSJ2017,
      author = {栗原 拓也 and 木下 尚洋 and 山口 竜之介 and 横溝 有希子 and 竹腰 美夏 and 馬場 哲晃 and 北原 鉄朗},
      title = {カラオケを盛り上げるためのタンバリン演奏支援システム},
      journal = {情報処理学会論文誌},
      series = {},
      volume = {58},
      number = {5},
      pages = {1073--1092},
      month = {May },
      year = {2017}
    }
  
    @article{OhnoSPECOM2017,
      author = {Ryohei Ohno and Masanori Morise and Tetsuro Kitahara},
      title = {Relationship Between Perception of Cuteness in Female Voices and Their Durations},
      journal = {Speech and Computer --- Proceedings of SPECOM 2017},
      series = {LNAI 10458},
      volume = {},
      number = {},
      pages = {642--650},
      month = {September },
      year = {2017}
    }
  
    @article{KuriharaIPSJ2019,
      author = {栗原 一貴 and 植村 あい子 and 板谷 あかり and 北原 鉄朗 and 長尾 確},
      title = {Picognizer: 電子音の認識のための JavaScript ライブラリの開発と評価},
      journal = {情報処理学会論文誌},
      series = {},
      volume = {60},
      number = {2},
      pages = {397--410},
      month = {February },
      year = {2019}
    }
  
    @article{IchinoseIJSCAI2019,
      author = {Shugo Ichinose and Souta Mizuno and Shun Shiramatsu and Tetsuro Kitahara},
      title = {Two Approaches to Supporting Improvisational Ensemble
for Music Beginners based on Body Motion Tracking},
      journal = {International Journal of Smart Computing and Artificial Intelligence},
      series = {},
      volume = {3},
      number = {1},
      pages = {55--70},
      month = {},
      year = {2019}
    }
  
    @article{KitaharaCMMR2017b,
      author = {Tetsuro Kitahara and Sergio Giraldo and Rafael Ramı́rez},
      title = {JamSketch: Improvisation Support
System with GA-Based Melody Creation
from User’s Drawing},
      journal = {Music Technology with Swing --- 13th International Symposium, CMMR 2017, Matosinhos, Portugal, September 25–28, 2017, Revised Selected Papers},
      series = {LNCS 11265},
      volume = {},
      number = {},
      pages = {509--521},
      month = {December },
      year = {2018}
    }
  
    @article{YamadaCMMR2017b,
      author = {Tatsuro Yamada and Tetsuro Kitahara and Hiroaki Arie and Tetsuya Ogata},
      title = {Four-Part Harmonization: Comparison
of a Bayesian Network and a Recurrent
Neural Network},
      journal = {Music Technology with Swing --- 13th International Symposium, CMMR 2017, Matosinhos, Portugal, September 25–28, 2017, Revised Selected Papers},
      series = {LNCS 11265},
      volume = {},
      number = {},
      pages = {213--225},
      month = {December },
      year = {2018}
    }
  
    @article{ShiraishiJIP2019,
      author = {Mina Shiraishi and Kozue Ogasawara and Tetsuro Kitahara},
      title = {HamoKara: A System that Enables Amateur Singers to Practice Backing Vocals for Karaoke},
      journal = {Journal of Information Processing},
      series = {},
      volume = {27},
      number = {},
      pages = {683--692},
      month = {November },
      year = {2019}
    }
  
    @article{KusanoIPSJ2019,
      author = {草野 有沙 and 西 由佳梨 and 北原 鉄朗},
      title = {ゲーム風演出で読書を促進するモバイルアプリケーション},
      journal = {情報処理学会論文誌（テクニカルノート）},
      series = {},
      volume = {60},
      number = {11},
      pages = {1978--1982},
      month = {November },
      year = {2019}
    }
  
    @article{TsuchiyaJCMS2019,
      author = {Yusuke Tsuchiya and Tetsuro Kitahara},
      title = {A Non-notewise Melody Editing Method for Supporting Musically Untrained People's Music Composition},
      journal = {Journal of Creative Music Systems},
      series = {},
      volume = {3},
      number = {1},
      pages = {},
      month = {November },
      year = {2019}
    }
  
    @inproceedings{YamakawaIS2010,
      author = {Nobuhide Yamakawa and Tetsuro Kitahara and Toru Takahashi and Kozunori Komatani and Tetsuya Ogata and Hiroshi G. Okuno},
      title = {Effects of Within- and Between-frame Temporal Variations in Power Spectra on Non-verbal Sound Recognition},
      booktitle = {Proceedings of the 11th International Congress on Spoken Language Processing (Interspeech 2010)},
      series = {},
      volume = {},
      number = {},
      pages = {},
      month = {September },
      year = {2010}
    }
  
    @inproceedings{KitaharaSMC2011,
      author = {Tetsuro Kitahara and Satoru Fukayama and Shigeki Sagayama and Haruhiro Katayose and Noriko Nagata},
      title = {An Interactive Music Composition System based on Autonomous Maintenance of Musical Consistency},
      booktitle = {Proceedings of the 8th Sound and Music Computing Conference},
      series = {},
      volume = {},
      number = {},
      pages = {362--367},
      month = {July },
      year = {2011}
    }
  
    @inproceedings{YamakawaJSAINC2011,
      author = {山川 暢英 and 北原 鉄朗 and 高橋 徹 and 尾形 哲也 and 奥乃 博},
      title = {擬音語と環境音の音響的関係性を考慮した環境音to擬音語変換システム},
      booktitle = {2011年度人工知能学会全国大会},
      series = {1C2-OS4b-4},
      volume = {},
      number = {},
      pages = {},
      month = {June },
      year = {2011}
    }
  
    @inproceedings{YamakawaRSJ2011,
      author = {山川 暢英 and 高橋 徹 and 北原 鉄朗 and 尾形 哲也 and 奥乃 博},
      title = {ロボット聴覚のための Matching-Pursuit による環境音の分離音認識},
      booktitle = {日本ロボット学会第28回学術講演会},
      series = {1H2-4},
      volume = {},
      number = {},
      pages = {},
      month = {September },
      year = {2010}
    }
  
    @inproceedings{SyunpeiMML2012,
      author = {Syunpei Suzuki and Tetsuro Kitahara},
      title = {Four-part Harmonization Using A Bayesian Network},
      booktitle = {Proceedings of the 5th International Workshop on Machine Learning and Music (MML 2012)},
      series = {in conjunction with ICML 2012},
      volume = {},
      number = {},
      pages = {},
      month = {June },
      year = {2012}
    }
  
    @inproceedings{TsuchiyaMML2012,
      author = {Yuichi Tsuchiya and Tetsuro Kitahara},
      title = {Mutual Transform between Note Sequence and Melodic Envelope},
      booktitle = {Proceedings of the 5th International Workshop on Machine Learning and Music (MML 2012)},
      series = {in conjunction with ICML 2012},
      volume = {},
      number = {},
      pages = {},
      month = {June },
      year = {2012}
    }
  
    @inproceedings{SyunpeiSMC2013,
      author = {Syunpei Suzuki and Tetsuro Kitahara},
      title = {Four-part Harmonization Using Probabilistic Models: Comparison of Models With and Without Chord Nodes},
      booktitle = {Proceedings of the 10th Sound and Music Computing Conference (SMC 2013)},
      series = {},
      volume = {},
      number = {},
      pages = {628--633},
      month = {August },
      year = {2013}
    }
  
    @inproceedings{TsuchiyaSMC2013,
      author = {Yuichi Tsuchiya and Tetsuro Kitahara},
      title = {Melodic Outline Extraction Method for Non-note-level Melody Editing},
      booktitle = {Proceedings of the 10th Sound and Music Computing Conference (SMC 2013)},
      series = {},
      volume = {},
      number = {},
      pages = {762--767},
      month = {August },
      year = {2013}
    }
  
    @inproceedings{MatsukataSMAC2013,
      author = {Shogo Matsukata and Hiroko Terasawa and Masaki Matsubara and Tetsuro Kitahara},
      title = {Muscle Activity in Playing Trumpet: The Dependence on the Playable Pitch Region and the Experience of a Non-trumpet Brass Instrument Player},
      booktitle = {Proceedings of the Stokholm Musical Acoustics Conference 2013 (SMAC 2013)},
      series = {},
      volume = {},
      number = {},
      pages = {529--533},
      month = {August },
      year = {2013}
    }
  
    @inproceedings{YamakawaIPSJNC2011,
      author = {山川 暢英 and 北原 鉄朗 and 高橋 徹 and 尾形 哲也 and 奧乃 博},
      title = {ロボット聴覚のためのMatching Pursuitによる複数環境音の同定},
      booktitle = {情報処理学会 第73回全国大会講演論文集},
      series = {6P-3},
      volume = {},
      number = {},
      pages = {},
      month = {March },
      year = {2011}
    }
  
    @inproceedings{MatsumotoASJ2012,
      author = {松本 大希 and 滝口 恭平 and 小高 大典 and 北原 鉄朗},
      title = {複数人が共有する場のためのBGM選曲手法の検討},
      booktitle = {日本音響学会2012年春季研究発表会講演論文集},
      series = {2-6-8},
      volume = {},
      number = {},
      pages = {},
      month = {March },
      year = {2012}
    }
  
    @inproceedings{TsuchiyaASJ2012,
      author = {土屋 裕一 and 北原 鉄朗},
      title = {旋律編集の一手法},
      booktitle = {日本音響学会2012年春季研究発表会講演論文集},
      series = {3-6-14},
      volume = {},
      number = {},
      pages = {},
      month = {March },
      year = {2012}
    }
  
    @inproceedings{SyunpeiASJ2012,
      author = {鈴木 峻平 and 竹内 俊雄 and 佐藤 桂亮 and 北原 鉄朗},
      title = {確率推論を用いた四声体和声の自動生成},
      booktitle = {日本音響学会2012年春季研究発表会論文集},
      series = {3-6-15},
      volume = {},
      number = {},
      pages = {},
      month = {March },
      year = {2012}
    }
  
    @inproceedings{KimuraASJ2012,
      author = {木村 翔平 and 鈴木 優 and 鈴木 智文 and 北原 鉄朗},
      title = {音楽理論に基づいた鼻歌作曲支援システム“ハミコン”},
      booktitle = {日本音響学会2012年春季研究発表会講演論文集},
      series = {3-6-16},
      volume = {},
      number = {},
      pages = {},
      month = {March },
      year = {2012}
    }
  
    @inproceedings{KitaharaACMMM2012,
      author = {Tetsuro Kitahara and Syohei Kimura and Yuu Suzuki and Tomofumi Suzuki},
      title = {Hummi-Com: Humming-based Music Composition System},
      booktitle = {ACM Multimedia 2012 (Technical Demo)},
      series = {},
      volume = {},
      number = {},
      pages = {1321--1322},
      month = {October },
      year = {2012}
    }
  
    @inproceedings{MatsukataASJ2013,
      author = {松方 翔吾 and 北原 鉄朗},
      title = {トランペット演奏時における口唇周囲の筋活動と音響情報の関係性について},
      booktitle = {日本音響学会2013年春季研究発表会講演論文集},
      series = {1-1-7},
      volume = {},
      number = {},
      pages = {},
      month = {March },
      year = {2013}
    }
  
    @inproceedings{OtsukaASJ2013,
      author = {大塚 匡紀 and 北原 鉄朗},
      title = {ギター演奏者のためのリアルタイムベースライン生成システム},
      booktitle = {日本音響学会2013年春季研究発表会講演論文集},
      series = {1-1-14},
      volume = {},
      number = {},
      pages = {},
      month = {March },
      year = {2013}
    }
  
    @inproceedings{YamashitaASJ2013,
      author = {山下 雄史 and 岡田 美咲 and 北原 鉄朗},
      title = {手書き入力によって盛り上がりをコントロールするループシーケンサ},
      booktitle = {日本音響学会2013年春季研究発表会講演論文集},
      series = {1-1-16},
      volume = {},
      number = {},
      pages = {},
      month = {March },
      year = {2013}
    }
  
    @inproceedings{SyunpeiASJ2013,
      author = {鈴木 峻平 and 北原 鉄朗},
      title = {確率推論を用いた四声体和声の自動生成 －讃美歌データベースによる実験結果の報告－},
      booktitle = {日本音響学会2013年春季研究発表会講演論文集},
      series = {1-1-8},
      volume = {},
      number = {},
      pages = {},
      month = {March },
      year = {2013}
    }
  
    @inproceedings{HokariIPSJNC2013,
      author = {帆苅 隼佑 and 長安 達也 and 北原 鉄朗},
      title = {ジョギングのペースに再生速度を同期させるスマートフォン用音楽プレイヤー},
      booktitle = {情報処理学会第75回全国大会},
      series = {4W-4},
      volume = {},
      number = {},
      pages = {},
      month = {March },
      year = {2013}
    }
  
    @inproceedings{OkadaIPSJNC2013,
      author = {岡田 風由子 and 後藤 駿典 and 小林 一樹 and 北原 鉄朗},
      title = {ロボットを用いたメッセージ着信通知の一手法},
      booktitle = {情報処理学会第75回全国大会},
      series = {6ZA-2},
      volume = {},
      number = {},
      pages = {},
      month = {March },
      year = {2013}
    }
  
    @inproceedings{YamanouchiIPSJNC2013,
      author = {山内 雅史 and 篠本 亮 and 北原 鉄朗},
      title = {Kinectを用いたダンス学習支援システムの開発},
      booktitle = {情報処理学会第75回全国大会},
      series = {2ZG-7},
      volume = {},
      number = {},
      pages = {},
      month = {March },
      year = {2013}
    }
  
    @inproceedings{KitaharaIEICE2013,
      author = {北原 鉄朗},
      title = {CrestMuse Toolkit: ロボット聴覚ソフトウェアHARKとの連携},
      booktitle = {電子情報通信学会2013年総合大会},
      series = {D-14-12},
      volume = {},
      number = {},
      pages = {},
      month = {March },
      year = {2013}
    }
  
    @inproceedings{YoshinagaIEICE2013,
      author = {吉永 眞宏 and 鈴木 光 and 北原 鉄朗},
      title = {Kinectを用いた音源定位の性能評価},
      booktitle = {電子情報通信学会2013年総合大会（ISS学生ポスターセッション）},
      series = {ISS-P-268},
      volume = {},
      number = {},
      pages = {},
      month = {March },
      year = {2013}
    }
  
    @inproceedings{MatsukataASJ2014,
      author = {松方 翔吾 and 寺澤 洋子 and 松原 正樹 and 北原 鉄朗},
      title = {トランペット演奏時における音響特徴量から筋活動量への変換},
      booktitle = {日本音響学会2014年春季研究発表会講演論文集},
      series = {1-5-2},
      volume = {},
      number = {},
      pages = {},
      month = {March },
      year = {2014}
    }
  
    @inproceedings{TsuchiyaIPSJNC2014,
      author = {土屋 裕一 and 北原 鉄朗},
      title = {旋律概形を用いた作曲支援システム：ユーザビリティ実験の報告},
      booktitle = {情報処理学会第76回全国大会},
      series = {1R-2},
      volume = {},
      number = {},
      pages = {},
      month = {March },
      year = {2014}
    }
  
    @inproceedings{SyunpeiIPSJNC2014,
      author = {鈴木 峻平 and 北原 鉄朗},
      title = {ベイジアンネットワークを用いた四声体和声付け:コードノードの有無による出力結果の比較},
      booktitle = {情報処理学会第76回全国大会},
      series = {2R-2},
      volume = {},
      number = {},
      pages = {},
      month = {March },
      year = {2014}
    }
  
    @inproceedings{AyakaIPSJNC2014,
      author = {小林 彩夏 and 林　 義久 and 中根 晴香 and 北原 鉄朗},
      title = {マッシュアップ音楽作成のための選曲支援の一検討},
      booktitle = {情報処理学会第76回全国大会},
      series = {6R-3},
      volume = {},
      number = {},
      pages = {},
      month = {March },
      year = {2014}
    }
  
    @inproceedings{HikaruIPSJNC2014,
      author = {鈴木 　光 and 吉永 眞宏 and 小暮 計貴 and 北原 鉄朗},
      title = {雑音環境下のための音声案内システム：周囲の雑音レベルに合わせた音量の自動調整},
      booktitle = {情報処理学会第76回全国大会},
      series = {6S-1},
      volume = {},
      number = {},
      pages = {},
      month = {March },
      year = {2014}
    }
  
    @inproceedings{KogureIPSJNC2014,
      author = {小暮 計貴 and 吉永 眞宏 and 鈴木 　光 and 北原 鉄朗},
      title = {雑音環境下のための音声案内システム:ユーザの聞き返しに基づく音量の自動調整},
      booktitle = {情報処理学会第76回全国大会},
      series = {6S-2},
      volume = {},
      number = {},
      pages = {},
      month = {March },
      year = {2014}
    }
  
    @inproceedings{NishiwakiIPSJNC2014,
      author = {西脇 絵里子 and 小野澤 理紗 and 北原 鉄朗},
      title = {ユーザーの習熟度に合わせた初心者向けダンス学習支援システム},
      booktitle = {情報処理学会第76回全国大会},
      series = {4ZD-7},
      volume = {},
      number = {},
      pages = {},
      month = {March },
      year = {2014}
    }
  
    @inproceedings{KitaharaJSAI2014,
      author = {北原 鉄朗 and 土屋 裕一},
      title = {旋律を簡約・操作する一手法},
      booktitle = {人工知能学会第28回全国大会},
      series = {1K4-OS-07a-3},
      volume = {},
      number = {},
      pages = {},
      month = {May },
      year = {2014}
    }
  
    @inproceedings{KitaharaHCII2014,
      author = {Tetsuro Kitahara and Shunsuke Hokari and Tatsuya Nagayasu},
      title = {Music Synchronizer with Runner's Pace
for Supporting Steady Pace Jogging},
      booktitle = {HCI International 2014 - Posters’ Extended Abstracts},
      series = {Communications in Computer and Information Science},
      volume = {435},
      number = {},
      pages = {343--348},
      month = {June },
      year = {2014}
    }
  
    @inproceedings{KogureHCII2014,
      author = {Kazuki Kogure and Masahiro Yoshinaga and Hikaru Suzuki and Tetsuro Kitahara},
      title = {A Spoken Dialogue System
for Noisy Environment},
      booktitle = {HCI International 2014 - Posters’Extended Abstracts},
      series = {Communications in Computer and Information Science},
      volume = {435},
      number = {},
      pages = {577--582},
      month = {June },
      year = {2014}
    }
  
    @inproceedings{KitaharaICMCSMC2014,
      author = {Tetsuro Kitahara and Yuichi Tsuchiya},
      title = {Short-term and Long-term Evaluations of Melody Editing Method based on Melodic Outline},
      booktitle = {Proceedings of the Joint Conference of the 40th International Computer Music Conference (ICMC 2014) and the 11th Sound and Music Computing Conference (SMC 2014)},
      series = {},
      volume = {},
      number = {},
      pages = {1204--1211},
      month = {September },
      year = {2014}
    }
  
    @inproceedings{KitaharaICSP2014,
      author = {Tetsuro Kitahara and Haruhiro Katayose},
      title = {CrestMuse Toolkit: A Java-based Framework for Signal and Symbolic Music Processing},
      booktitle = {Proceedings of 12th IEEE International Conference on Signal Processing (ICSP 2014)},
      series = {},
      volume = {},
      number = {},
      pages = {616--620},
      month = {October },
      year = {2014}
    }
  
    @inproceedings{OtsukaICSP2014,
      author = {Masaki Otsuka and Tetsuro Kitahara},
      title = {An On-line Algorithm of Guitar Performance Transcription Using Non-negative Matrix Factorization},
      booktitle = {Proceedings of 12th IEEE International Conference on Signal Processing (ICSP 2014)},
      series = {},
      volume = {},
      number = {},
      pages = {621--624},
      month = {October },
      year = {2014}
    }
  
    @inproceedings{OtsukaISMIR2014,
      author = {Masaki Otsuka and Tetsuro Kitahara},
      title = {Towards Improvement of Transcription Accuracy of MIDI Guitar based on Integration with Audio Signal Processing},
      booktitle = {The 15th Annual Meeting of the International Society for Music Information Retrieval (ISMIR 2014)},
      series = {Late Breaking/Demo Session},
      volume = {},
      number = {},
      pages = {},
      month = {October },
      year = {2014}
    }
  
    @inproceedings{KitaharaMML2014,
      author = {Tetsuro Kitahara and Shogo Matsukata and Masaki Matsubara and Hiroko Terasawa},
      title = {A Preliminary Experiment of Predicting Muscle Activity from Musical Acoustic Features},
      booktitle = {Proceedings of the 7th International Workshop on Machine Learning and Music (MML 2014)},
      series = {},
      volume = {},
      number = {},
      pages = {},
      month = {November },
      year = {2014}
    }
  
    @inproceedings{KogureIPSJNC2015,
      author = {小暮計貴 and 北原 鉄朗},
      title = {周囲の雑音に基づき音量調節を行う音声対話システム:セミブラインド音源分離の導入の検討},
      booktitle = {情報処理学会第77回全国大会},
      series = {5P-04},
      volume = {},
      number = {},
      pages = {},
      month = {March },
      year = {2015}
    }
  
    @inproceedings{IijimaIPSJNC2015,
      author = {飯島孔右 and 鶴岡亜也佳 and 北原 鉄朗},
      title = {手書き入力で盛り上がりをコントロールするループシーケンサ：スペクトログラムからの盛り上がり度の自動割り振り},
      booktitle = {情報処理学会第77回全国大会},
      series = {2S-03},
      volume = {},
      number = {},
      pages = {},
      month = {March },
      year = {2015}
    }
  
    @inproceedings{JunichiIPSJNC2015,
      author = {鈴木潤一 and 末次尚之 and 北原 鉄朗},
      title = {複数ユーザー間での楽曲推薦を実現するミュージックプレイヤー},
      booktitle = {情報処理学会第77回全国大会},
      series = {3S-04},
      volume = {},
      number = {},
      pages = {},
      month = {March },
      year = {2015}
    }
  
    @inproceedings{KinoshitaIPSJNC2015,
      author = {木下尚洋 and 栗原拓也 and 山口竜之介 and 北原 鉄朗},
      title = {カラオケを盛り上げるためのタンバリン演奏支援システム},
      booktitle = {情報処理学会第77回全国大会},
      series = {4P-03},
      volume = {},
      number = {},
      pages = {},
      month = {March },
      year = {2015}
    }
  
    @inproceedings{OtsukaIPSJNC2015,
      author = {大塚匡紀 and 北原 鉄朗},
      title = {MIDIギターと音響信号処理の統合によるギター演奏の自動採譜の検討},
      booktitle = {情報処理学会第77回全国大会},
      series = {5S-02},
      volume = {},
      number = {},
      pages = {},
      month = {March },
      year = {2015}
    }
  
    @inproceedings{KitaharaSMC2015,
      author = {Tetsuro Kitahara and Kosuke Iijima and Misaki Okada and Yuji Yamashita and Ayaka Tsuruoka},
      title = {A Loop Sequencer That Selects Music Loops based on the Degree of Excitement},
      booktitle = {Proceedings of the 12th Sound and Music Computing Conference (SMC 2015)},
      series = {},
      volume = {},
      number = {},
      pages = {435--438},
      month = {July },
      year = {2015}
    }
  
    @inproceedings{KuriharaSMC2015,
      author = {Takuya Kurihara and Naohiro Kinoshita and Ryunosuke Yamaguchi and Tetsuro Kitahara},
      title = {A Tambourine Support System to Improve the Atmosphere of Karaoke},
      booktitle = {Proceedings of the 12th Sound and Music Computing Conference (SMC 2015)},
      series = {},
      volume = {},
      number = {},
      pages = {515--520},
      month = {July },
      year = {2015}
    }
  
    @inproceedings{OtsukaISMIR2015,
      author = {Masaki Otsuka and Tetsuro Kitahara},
      title = {Improving MIDI Guitar's Accuracy with NMF and Neural Net},
      booktitle = {Proceedings of the 16th Internatiol Society for Music Information Retrieval Conference (ISMIR 2015)},
      series = {},
      volume = {},
      number = {},
      pages = {413--419},
      month = {October },
      year = {2015}
    }
  
    @inproceedings{KitaharaJSAI2015,
      author = {北原 鉄朗},
      title = {音符表現によらない旋律の木構造表現の予備検討},
      booktitle = {人工知能学会第29回全国大会},
      series = {2C4-OS-21a-2},
      volume = {},
      number = {},
      pages = {},
      month = {May },
      year = {2015}
    }
  
    @inproceedings{KoizumiIPSJNC2016,
      author = {小泉　遼 and 岩崎　順 and 長村佳祐 and 北原 鉄朗},
      title = {カラオケにおける音痴の改善支援のための予備調査},
      booktitle = {情報処理学会 第78回全国大会},
      series = {1Q-06},
      volume = {},
      number = {},
      pages = {},
      month = {March },
      year = {2016}
    }
  
    @inproceedings{KuriharaIPSJNC2016,
      author = {栗原拓也 and 横溝有希子 and 竹腰美夏 and 馬場哲晃 and 北原 鉄朗},
      title = {カラオケを盛り上げるためのタンバリン演奏支援システム：複数人プレイへの対応},
      booktitle = {情報処理学会 第78回全国大会},
      series = {1Q-07},
      volume = {},
      number = {},
      pages = {},
      month = {March },
      year = {2016}
    }
  
    @inproceedings{OouchiIPSJNC2016,
      author = {大内彬裕 and 北原 鉄朗},
      title = {ギター弾き語り演奏を入力した自動編曲システムの試作},
      booktitle = {情報処理学会 第78回全国大会},
      series = {2Q-07},
      volume = {},
      number = {},
      pages = {},
      month = {March },
      year = {2016}
    }
  
    @inproceedings{NakajoIPSJNC2016,
      author = {中條早織 and 豊田裕也 and 北原 鉄朗},
      title = {Androidを用いた演劇支援のためのUnity3Dアプリケーションの開発},
      booktitle = {情報処理学会 第78回全国大会},
      series = {6Z-05},
      volume = {},
      number = {},
      pages = {},
      month = {March },
      year = {2016}
    }
  
    @inproceedings{TakayashikiIPSJNC2016,
      author = {高屋敷弓恵 and 棚橋　徹 and 北原 鉄朗},
      title = {面接技能向上のための自己PR支援システム},
      booktitle = {情報処理学会 第78回全国大会},
      series = {6X-02},
      volume = {},
      number = {},
      pages = {},
      month = {March },
      year = {2016}
    }
  
    @inproceedings{JunichiIPSJNC2016,
      author = {鈴木潤一 and 北原 鉄朗},
      title = {友人同士で好みの楽曲を聴かせ合うスマートフォン用ミュージックプレイヤー：楽曲推薦手法の一改善},
      booktitle = {情報処理学会 第78回全国大会},
      series = {6B-03},
      volume = {},
      number = {},
      pages = {},
      month = {March },
      year = {2016}
    }
  
    @inproceedings{OhnoASJ2016,
      author = {大野 涼平 and 森勢 将雅 and 北原 鉄朗},
      title = {アニメ風音声への加工のための韻律分析},
      booktitle = {日本音響学会 2016年春季研究発表会 講演論文集},
      series = {3-P-30},
      volume = {},
      number = {},
      pages = {},
      month = {March },
      year = {2016}
    }
  
    @inproceedings{SatoASJ2016,
      author = {佐藤 愛 and 北原 鉄朗 and 寺澤 洋子 and 松原 正樹},
      title = {トランペット演奏時の口唇周囲および腹部の筋活動と音響的特徴の関係},
      booktitle = {日本音響学会 2016年春季研究発表会 講演論文集},
      series = {2-10-7},
      volume = {},
      number = {},
      pages = {},
      month = {March },
      year = {2016}
    }
  
    @inproceedings{JunichiISMIR2015,
      author = {Jun-ichi Suzuki and Naoyuki Suetsugu and Tetsuro Kitahara},
      title = {A Music Recommender for a Group of People},
      booktitle = {The 2015 International Society of Music Information Retrieval (ISMIR 2015)},
      series = {Late Breaking/Demo},
      volume = {},
      number = {},
      pages = {},
      month = {October },
      year = {2015}
    }
  
    @inproceedings{KitaharaMML2016,
      author = {Tetsuro Kitahara and Masaki Matsubara},
      title = {Extracting Melodic Contour Using Wavelet-based Multi-resolution Analysis},
      booktitle = {Proceedings of the 9th International Workshop on Music and Machine Learning (MML 2016)},
      series = {in conjuction with ECML-PKDD 2016},
      volume = {},
      number = {},
      pages = {31--35},
      month = {September },
      year = {2016}
    }
  
    @inproceedings{TanahashiHCII2016,
      author = {Tetsu Tanahashi and Yumie Takayashiki and Tetsuro Kitahara},
      title = {Support  System for Improving Speaking Skill in Job Interviews},
      booktitle = {HCI International 2016 – Posters' Extended Abstracts, Part II},
      series = {Communication in Computer and Information Science (CCIS)},
      volume = {618},
      number = {},
      pages = {182--187},
      month = {July },
      year = {2016}
    }
  
    @inproceedings{ToyodaHCII2016,
      author = {Yuya Toyoda and Saori Nakajo and Tetsuro Kitahara},
      title = {An Android Application for Supporting Amateur Theatre},
      booktitle = {HCI International 2016 – Posters' Extended Abstracts, Part II},
      series = {Communication in Computer and Information Science (CCIS)},
      volume = {618},
      number = {},
      pages = {558--563},
      month = {July },
      year = {2016}
    }
  
    @inproceedings{KuriharaKSE2016,
      author = {Takuya Kurihara and Yukiko Yokomizo and Minatsu Takekoshi and Tetsuaki Baba and Tetsuro Kitahara},
      title = { A Tambourine Support System to Improve the Atmosphere of Karaoke: Support of Play by Multiple Players},
      booktitle = {Proceedings of the 8th IEEE International Conference on Knowledge and Systems Engineering (KSE 2016)},
      series = {},
      volume = {},
      number = {},
      pages = {247--251},
      month = {October },
      year = {2016}
    }
  
    @inproceedings{JunichiKSE2016,
      author = {Junichi Suzuki and Tetsuro Kitahara},
      title = {A Bluetooth-Networked Music Player for Playing Musical Pieces Stored in Separate Devices},
      booktitle = {Proceedings of the 8th IEEE International Conference on Knowledge and Systems Engineering (KSE 2016)},
      series = {},
      volume = {},
      number = {},
      pages = {},
      month = {October },
      year = {2016}
    }
  
    @inproceedings{KitaharaJSAI2016,
      author = {北原 鉄朗},
      title = {音符表現によらない旋律の木構造表現の検討（第2報）},
      booktitle = {人工知能学会第30回全国大会（JSAI2016）},
      series = {3G3-OS-15a-3},
      volume = {},
      number = {},
      pages = {},
      month = {June },
      year = {2016}
    }
  
    @inproceedings{HirataJSAI2016,
      author = {平田 圭二 and 大村 英史 and 北原 鉄朗},
      title = {旋律の微分と簡約の導入},
      booktitle = {人工知能学会第30回全国大会（JSAI2016）},
      series = {3G3-OS-15a-4},
      volume = {},
      number = {},
      pages = {},
      month = {June },
      year = {2016}
    }
  
    @inproceedings{KitaharaASA2016,
      author = {Tetsuro Kitahara},
      title = {Smart Loop Sequencer: An Audio-based Approach for Ease of Music Creation},
      booktitle = {6th Joint Meething of the Acoustical Society of America (ASA) and the Acoustical Society of Japan (ASJ)},
      series = {published in the Journal of the Acoustical Society of America (abstract only)},
      volume = {140},
      number = {},
      pages = {},
      month = {November },
      year = {2016}
    }
  
    @inproceedings{KitaharaCML2016,
      author = {Tetsuro Kitahara and Yuichi Tsuchiya},
      title = {A Machine Learning Approach to Support Music Creation by Musically Untrained People},
      booktitle = {Proceedings of the Constructive Machine Learning Workshop},
      series = {in conjunction with NIPS 2016},
      volume = {},
      number = {},
      pages = {},
      month = {December },
      year = {2016}
    }
  
    @inproceedings{KitaharaDMRN2016,
      author = {Tetsuro Kitahara},
      title = {Towards Intuitive Music Creation Tools for Musically Untrained People},
      booktitle = {Digital Music Research Network One-day Workshop 2016 (DMRN+11)},
      series = {},
      volume = {},
      number = {},
      pages = {},
      month = {December },
      year = {2016}
    }
  
    @inproceedings{HasesgawaASJ2017,
      author = {長谷川 翔太 and 大野 涼平 and 北原 鉄朗},
      title = {男性両声類の女声らしさに関わる特徴量の分析},
      booktitle = {日本音響学会 2017年春季研究発表会 講演論文集},
      series = {1-Q-39},
      volume = {},
      number = {},
      pages = {},
      month = {March },
      year = {2017}
    }
  
    @inproceedings{OhnoASJ2017,
      author = {大野 涼平 and 高道 慎之介 and 森勢 将雅 and 北原 鉄朗},
      title = {統計的声質変換における印象変化の調査},
      booktitle = {日本音響学会 2017年春季研究発表会 講演論文集},
      series = {2-P-39},
      volume = {},
      number = {},
      pages = {},
      month = {March },
      year = {2017}
    }
  
    @inproceedings{MatsuuraIPSJNC2017,
      author = {松浦 佳輝 and 棚橋 徹 and 北原 鉄朗},
      title = {パターン認識を用いた特定のベーシストの特徴の分析},
      booktitle = {情報処理学会 第79回全国大会},
      series = {3L-01},
      volume = {},
      number = {},
      pages = {},
      month = {March },
      year = {2017}
    }
  
    @inproceedings{ShimadaIPSJNC2017,
      author = {島田 彩女 and 松村 ひかる and 森尻 有貴 and 北原 鉄朗},
      title = {ピアノ練習支援のための楽譜表示システムの試作},
      booktitle = {情報処理学会 第79回全国大会},
      series = {5L-05},
      volume = {},
      number = {},
      pages = {},
      month = {March },
      year = {2017}
    }
  
    @inproceedings{TanahashiIPSJNC2017,
      author = {棚橋 徹 and 小林 一樹 and 北原 鉄朗},
      title = {音によるヒューマン・エージェント・インタラクションのためのプロトタイプシステムの試作},
      booktitle = {情報処理学会 第79回全国大会},
      series = {6Y-01},
      volume = {},
      number = {},
      pages = {},
      month = {March },
      year = {2017}
    }
  
    @inproceedings{MizunoIPSJNC2017,
      author = {水野 創太 and 白松 俊 and 一ノ瀬 修吾 and 北原 鉄朗},
      title = {即興合奏支援システムのためのスマートフォンセンサーを用いた身体動作認識手法},
      booktitle = {情報処理学会 第79回全国大会},
      series = {2ZA-04},
      volume = {},
      number = {},
      pages = {},
      month = {March },
      year = {2017}
    }
  
    @inproceedings{SatouISMA2017,
      author = {Megumi Satou and Tetsuro Kitahara and Hiroko Terasawa and Masaki Matsubara},
      title = {Relationships between Abdominal and Around-Lip Muscle Activities
and Acoustic Features when Playing the Trumpet},
      booktitle = {Proceedings of the 2017 International Symposium on Musical Acoustics},
      series = {},
      volume = {},
      number = {},
      pages = {114--117},
      month = {June },
      year = {2017}
    }
  
    @inproceedings{KitaharaNIME2017,
      author = {Tetsuro Kitahara and Sergio Giraldo and Rafael Ramírez},
      title = {JamSketch: A Drawing-based Real-time Evolutionary Improvisation Support System},
      booktitle = {Proceedings of the 2017 International Conference on New Interfaces for Musial Expression (NIME 2017)},
      series = {},
      volume = {},
      number = {},
      pages = {506--507},
      month = {May },
      year = {2017}
    }
  
    @inproceedings{YamadaJSAI2017,
      author = {山田 竜郎 and 北原 鉄朗 and 有江 浩明 and 尾形 哲也},
      title = {LSTMを用いた四声体和声の生成},
      booktitle = {人工知能学会第31回全国大会（JSAI 2017）},
      series = {2C3-OS-20a-1},
      volume = {},
      number = {},
      pages = {},
      month = {May },
      year = {2017}
    }
  
    @inproceedings{MizunoJSAI2017,
      author = {水野 創太 and 一ノ瀬 修吾 and 白松 俊 and 北原 鉄朗},
      title = {演奏未経験者のためのスマートフォンセンサーを用いた即興合奏支援システムの試作},
      booktitle = {人工知能学会第31回全国大会（JSAI 2017）},
      series = {2C3-OS-20a-4},
      volume = {},
      number = {},
      pages = {},
      month = {May },
      year = {2017}
    }
  
    @inproceedings{HirataJSAI2017,
      author = {平田 圭二 and 伊藤 貴之 and 北原 鉄朗 and 深山 覚 and 今井 慎太郎 and 持橋 大地},
      title = {パネルディスカッション：人工知能は作曲家／演奏家になれるか?},
      booktitle = {人工知能学会第31回全国大会（JSAI 2017）},
      series = {2C4-OS-20b-3},
      volume = {},
      number = {},
      pages = {},
      month = {May },
      year = {2017}
    }
  
    @inproceedings{IchinoseAAI2017,
      author = {Shugo Ichinose and Souta Mizuno and Shun Shiramatsu and Tetsuro Kitahara},
      title = {Improvisation Ensemble Support Systems for Music Beginners Based on Body Motion Tracking},
      booktitle = {Proceedings of the 6th IIAI International Congress on Advanced Applied Informatics (IIAI AAI 2017)},
      series = {},
      volume = {},
      number = {},
      pages = {794-798},
      month = {July },
      year = {2017}
    }
  
    @inproceedings{KitaharaAPSCOM2017,
      author = {Tetsuro Kitahara and Jun Iwasaki and Haruka Koizumi and Keisuke Nagamura},
      title = {An Investigation of Pitch Perception of Poor-pitch Singers},
      booktitle = {Proceedings of the 6th Conference of the Asia-Pacific Society for the Cognitive Science of Music (APSCOM 2017)},
      series = {},
      volume = {},
      number = {},
      pages = {51},
      month = {August },
      year = {2017}
    }
  
    @inproceedings{MatsuuraCSMC2017,
      author = {Yoshiki Matsuura and Tetsu Tanahashi and Tetsuro Kitahara},
      title = {A Pattern Recognition Approach to Analyze Temporal Evolution of a Bassist’s Musical Styles},
      booktitle = {Proceedings of the 2nd Conference on Computer Simulation of Musical Creativity},
      series = {},
      volume = {},
      number = {},
      pages = {},
      month = {September },
      year = {2017}
    }
  
    @inproceedings{KitaharaECMLPKDD2017,
      author = {Tetsuro Kitahara},
      title = {Music Generation Using Bayesian Networks},
      booktitle = {Machine Learning and Knowledge Discovery in Databases --- Proceedings of ECML PKDD 2017, Part III (Nectar Track)},
      series = {LNAI 10536},
      volume = {},
      number = {},
      pages = {368--372},
      month = {September },
      year = {2017}
    }
  
    @inproceedings{KitaharaCMMR2017,
      author = {Tetsuro Kitahara and Sergio Giraldo and Rafael Ramirez},
      title = {JamSketch: Improvisation Support System with GA-based Melody Creation from User’s Drawing},
      booktitle = {Proceedings of the 13th International Symposium on Computer Music Multidisciplinary Research},
      series = {},
      volume = {},
      number = {},
      pages = {352--363},
      month = {September },
      year = {2017}
    }
  
    @inproceedings{YamadaCMMR2017,
      author = {Tatsuro Yamada and Tetsuro Kitahara and Hiroaki Arie and Tetsuya Ogata},
      title = {Four-part Harmonization: Comparison of a Bayesian Network and a Recurrent Neural Network},
      booktitle = {Proceedings of the 13th International Symposium on Computer Music Multidisciplinary Research},
      series = {},
      volume = {},
      number = {},
      pages = {137--148},
      month = {September },
      year = {2017}
    }
  
    @inproceedings{OhnoASJ2017a,
      author = {大野 涼平 and 高道 慎之介 and 森勢 将雅 and 北原 鉄朗},
      title = {音声の「かわいさ」における主観的傾向の一分析},
      booktitle = {日本音響学会2017年秋季研究発表会講演論文集},
      series = {3-P-32},
      volume = {},
      number = {},
      pages = {},
      month = {September },
      year = {2017}
    }
  
    @inproceedings{OhnoASAASJ2016,
      author = {Ryohei Ohno and Masanori Morise and Tetsuro Kitahara},
      title = {The relationship between perception of cuteness and duration of voices},
      booktitle = {Journal of Acoustic Society of America (the abstract for 5th Joint Meeting of the Acoustic Society of America and the Acoustic Society of Japan)},
      series = {5aSC44},
      volume = {140},
      number = {4},
      pages = {3399},
      month = {December },
      year = {2016}
    }
  
    @inproceedings{TanahashiASAASJ2016,
      author = {Tetsu Tanahashi and Tetsuro Kitahara},
      title = {Relations on prosody of Japanese back-channeling word “hai”
and listener’s impression: An investigation with synthesized voices},
      booktitle = {Journal of Acoustic Society of America (the abstract for 5th Joint Meeting of the Acoustic Society of America and the Acoustic Society of Japan)},
      series = {5aSC16},
      volume = {140},
      number = {4},
      pages = {3395},
      month = {December },
      year = {2016}
    }
  
    @inproceedings{JunichiISMIR2017,
      author = {Jun'ichi Suzuki and Tetsuro Kitahara},
      title = {A Music Player with Song Selection Function for a Group of People},
      booktitle = {Proceedings of the 18th International Society for Music Information Retrieval Conference (ISMIR 2017)},
      series = {},
      volume = {},
      number = {},
      pages = {229--234},
      month = {October },
      year = {2017}
    }
  
    @inproceedings{MizunoKICSS2017,
      author = {Souta Mizuno and Shugo Ichinose and Shun Siramatsu and Tetsuro Kitahara},
      title = {Support System of Improvisational Ensemble Based on User’s Motion Using Smartphone Sensors},
      booktitle = {Proceedings of 12th International Conference on Knowledge, Information and Creativity Support System (KICSS 2017)},
      series = {},
      volume = {},
      number = {},
      pages = {143--148},
      month = {November },
      year = {2017}
    }
  
    @inproceedings{KuriharaACE2017,
      author = {Kazutaka Kurihara and Akari Itaya and Aiko Uemura and Tetsuro Kitahara and Katashi Nagao},
      title = {Picognizer: A JavaScript Library for Detecting and Recognizing Synthesized Sounds},
      booktitle = {Advances in Computer Entertainmento Technology --- Proceedings of ACE 2017},
      series = {LNCS 10714},
      volume = {},
      number = {},
      pages = {339--359},
      month = {December },
      year = {2017}
    }
  
    @inproceedings{UdagawaIPSJNC2018,
      author = {宇田川真唯 and 植村 あい子 and 北原 鉄朗},
      title = {ギター初心者のための演奏練習支援システムの提案},
      booktitle = {情報処理学会 第80回全国大会 講演論文集},
      series = {1N-1},
      volume = {},
      number = {},
      pages = {},
      month = {March },
      year = {2018}
    }
  
    @inproceedings{ShiraishiIPSJNC2018,
      author = {白石 美南 and 小笠原 梢 and 北原 鉄朗},
      title = {カラオケのためのハモリパート練習システム〜ハモリパートの自動生 成および練習支援システムの試作〜},
      booktitle = {情報処理学会 第80回全国大会 講演論文集},
      series = {1N-2},
      volume = {},
      number = {},
      pages = {},
      month = {March },
      year = {2018}
    }
  
    @inproceedings{OgasawaraIPSJNC2018,
      author = {小笠原 梢 and 白石 美南 and 北原 鉄朗},
      title = {カラオケのためのハモリパート練習支援システム〜試作システムを用
いた被験者実験の報告〜},
      booktitle = {情報処理学会 第80回全国大会 講演論文集},
      series = {1N-3},
      volume = {},
      number = {},
      pages = {},
      month = {March },
      year = {2018}
    }
  
    @inproceedings{HasuiIPSJNC2018,
      author = {蓮井 星良 and 石山 俊之 and 北原 鉄朗},
      title = {HMD を用いたヴァーチャルなドラム演奏環境の試作},
      booktitle = {情報処理学会 第80回全国大会 講演論文集},
      series = {1N-5},
      volume = {},
      number = {},
      pages = {},
      month = {March },
      year = {2018}
    }
  
    @inproceedings{JinnoIPSJNC2018,
      author = {甚野 健太 and 大野 涼平 and 北原 鉄朗},
      title = {合いの手「PPPH」が入る楽曲の特徴に関する一分析},
      booktitle = {情報処理学会 第80回全国大会 講演論文集},
      series = {1N-9},
      volume = {},
      number = {},
      pages = {},
      month = {March },
      year = {2018}
    }
  
    @inproceedings{KusanoIPSJNC2018,
      author = {草野 有沙 and 西由 佳梨 and 北原 鉄朗},
      title = {読書を促進する音楽付き読書アプリの提案},
      booktitle = {情報処理学会 第80回全国大会 講演論文集},
      series = {7Y-1},
      volume = {},
      number = {},
      pages = {},
      month = {March },
      year = {2018}
    }
  
    @inproceedings{TanahashiIPSJNC2018,
      author = {棚橋 徹 and 小林 一樹 and 北原 鉄朗},
      title = {言語情報を持たない音を用いたヒューマン・エージェント・インタラ クションシステムの開発 },
      booktitle = {情報処理学会 第80回全国大会 講演論文集},
      series = {6ZA-6},
      volume = {},
      number = {},
      pages = {},
      month = {March },
      year = {2018}
    }
  
    @inproceedings{MatsushitaASJ2018,
      author = {松下 禎希 and 大野 涼平 and 北原 鉄朗},
      title = {雑音が記憶や作業に与える影響に関する一調査},
      booktitle = {日本音響学会 2018年春季研究発表会 講演論文集},
      series = {2-P-11},
      volume = {},
      number = {},
      pages = {},
      month = {March },
      year = {2018}
    }
  
    @inproceedings{IthouASJ2018,
      author = {伊藤 春菜 and 棚橋 徹 and 北原 鉄朗},
      title = {イビキ音のマスキングに関する一検討},
      booktitle = {日本音響学会 2018年春季研究発表会 講演論文集},
      series = {2-P-16},
      volume = {},
      number = {},
      pages = {},
      month = {March },
      year = {2018}
    }
  
    @inproceedings{OonoASJ2018,
      author = {大野 涼平 and 高道 慎之介 and 森勢 将雅 and 北原 鉄朗},
      title = {話者適応型 RBM を用いたユーザが所望するかわいい音声への声質変換},
      booktitle = {日本音響学会 2018年春季研究発表会 講演論文集},
      series = {2-Q-33},
      volume = {},
      number = {},
      pages = {},
      month = {March },
      year = {2018}
    }
  
    @inproceedings{UemuraCSMC2018,
      author = {Aiko Uemura and Tetsuro Kitahara},
      title = {Preliminary Study on Morphing of Chord
Progression},
      booktitle = {
Proceedings of 3rd International Conference on Computer Simulation of Musical Creativity (CSMC 2018)},
      series = {},
      volume = {},
      number = {},
      pages = {},
      month = {August },
      year = {2018}
    }
  
    @inproceedings{UdagawaCSMC2018,
      author = {Mai Udagawa and Aiko Uemura and Tetsuro Kitahara},
      title = {Support System for Excercising Guitar Chord Performance},
      booktitle = {3rd International Conference on Computer Simulation of Musical Creativity (CSMC 2018)},
      series = {Late Breaking Abstracts},
      volume = {},
      number = {},
      pages = {},
      month = {August },
      year = {2018}
    }
  
    @inproceedings{KitaharaCSMC2018,
      author = {Tetsuro Kitahara and Yasuyuki Saito and Sergio Giraldo and Rafael Ramírez},
      title = {An improvisation System for Disabilities based on Melody Creation with Gaze Control},
      booktitle = {3rd International Conference on Computer Simulation of Musical Creativity (CSMC 2018)},
      series = {Late Breaking Abstracts},
      volume = {},
      number = {},
      pages = {},
      month = {August },
      year = {2018}
    }
  
    @inproceedings{ShiraishiSMC2018,
      author = {Mina Shiraishi and Kozue Ogasawara and Tetsuro Kitahara},
      title = {HamoKara: A System for Practice of Backing Vocals for Karaoke},
      booktitle = {Proceedings of 15th Sound and Music Computing Conference (SMC 2018)},
      series = {},
      volume = {},
      number = {},
      pages = {511--518},
      month = {July },
      year = {2018}
    }
  
    @inproceedings{MizunoVRST2018,
      author = {Souta Mizuno and Tetsuro Kitahara and Shun Shiramatsu and Shugo Ichinose},
      title = {JamGesture: An Improvisation Support System Based on Physical Gesture Observed with Smartphone},
      booktitle = {Proceedings of the 24th ACM Symposium on Virtual Reality Software and Technology (VRST 2018)},
      series = {Poster Session},
      volume = {},
      number = {101},
      pages = {},
      month = {November },
      year = {2018}
    }
  
    @inproceedings{ShigaASJ2019,
      author = {志賀 あゆみ and 北原 鉄朗},
      title = {ジャズのベースラインの自動生成},
      booktitle = {日本音響学会 2019年春季研究発表会 講演論文集},
      series = {3-1-1},
      volume = {},
      number = {},
      pages = {},
      month = {March },
      year = {2019}
    }
  
    @inproceedings{UemuraASJ2019,
      author = {植村 あい子 and 北原 鉄朗},
      title = {コードモーフィングに基づくリハーモナイゼーションの一検討},
      booktitle = {日本音響学会 2019年春季研究発表会 講演論文集},
      series = {3-1-5},
      volume = {},
      number = {},
      pages = {},
      month = {March },
      year = {2019}
    }
  
    @inproceedings{MasudaASJ2019,
      author = {増田 誠也 and 饗庭 絵里子 and 北原 鉄朗},
      title = {グラフィックイコライザによる音色操作と印象との関係},
      booktitle = {日本音響学会 2019年春季研究発表会 講演論文集},
      series = {3-1-7},
      volume = {},
      number = {},
      pages = {},
      month = {March },
      year = {2019}
    }
  
    @inproceedings{KawamuraASJ2019,
      author = {河村 翔太 and 植村 あい子 and 北原 鉄朗},
      title = {歌詞と音楽が与える印象の分析},
      booktitle = {日本音響学会 2019年春季研究発表会 講演論文集},
      series = {3-1-9},
      volume = {},
      number = {},
      pages = {},
      month = {March },
      year = {2019}
    }
  
    @inproceedings{MasudaWIMP2019,
      author = {Seiya Masuda and Eriko Aiba and Tetsuro Kitahara},
      title = {An Investigation towards Verbally Controllable Equalizer for Singing Voices},
      booktitle = {Proceedings of the 5th Workshop on Intelligent Music Production (WIMP 2019)},
      series = {},
      volume = {},
      number = {},
      pages = {},
      month = {September },
      year = {2019}
    }
  
    @inproceedings{ShigaCMMR2019,
      author = {Ayumi Shiga and Tetsuro Kitahara},
      title = {Generating Walking Bass Lines with HMM},
      booktitle = {Proceedings of the 14th International Symposium on Computer Music Multidisciplinary Research (CMMR 2019)},
      series = {},
      volume = {},
      number = {},
      pages = {83--90},
      month = {October },
      year = {2019}
    }
  
    @inproceedings{UemuraCSMCMuMe2020,
      author = {Aiko Uemura and Tetsuro Kitahara},
      title = {Morphing-Based Reharmonization using LSTM-VAE},
      booktitle = {The 2020 Joint Conference on AI Music Creativity (CSMC + MuMe 2020)},
      series = {},
      volume = {},
      number = {},
      pages = {},
      month = {October },
      year = {2020}
    }
  
    @inproceedings{KusachiCSMCMuMe2020,
      author = {Mio Kusachi and Aiko Uemura and Tetsuro Kitahara},
      title = {A Piano Ballad Arrangement System},
      booktitle = {The 2020 Joint Conference on AI Music Creativity (CSMC + MuMe 2020)},
      series = {},
      volume = {},
      number = {},
      pages = {},
      month = {October },
      year = {2020}
    }
  
    @inproceedings{KitaharaIEEEMIPR2021,
      author = {Naoto Homma and Aiko Uemura and Tetsuro Kitahara},
      title = {Are Theme Songs Usable for Anime Retrieval?},
      booktitle = {IEEE 4th International Conference on Multimedia Information Processing and Retrieval (IEEE MIPR 2021)},
      series = {},
      volume = {},
      number = {},
      pages = {},
      month = {September },
      year = {2021}
    }
  
    @inproceedings{KitaharaCMMR2021,
      author = {Misato Watanabe and Yosuke Onoue and Aiko Uemura and Tetsuro Kitahara},
      title = {A Web-based Application that Enables Users to Practice Wind Instrument Performance},
      booktitle = {15th International Symposium on CMMR, Online, Nov. 15-19, 2021},
      series = {},
      volume = {},
      number = {},
      pages = {},
      month = {},
      year = {}
    }
  
    @inproceedings{ShimamuraASJ2022,
      author = {島村 美羽 and 阿久井 愛 and 北原 鉄朗},
      title = {多人数演奏楽譜から連弾譜への自動編曲},
      booktitle = {日本音響学会 2022年 春季研究発表会},
      series = {},
      volume = {},
      number = {},
      pages = {},
      month = {March },
      year = {2022}
    }
  
    @inproceedings{AkuiASJ2022,
      author = {阿久井 愛 and 島村 美羽 and 北原 鉄朗},
      title = {Jpopのラテン風ピアノ編曲システムの試作},
      booktitle = {日本音響学会 2022年 春季研究発表会},
      series = {},
      volume = {},
      number = {},
      pages = {},
      month = {March },
      year = {2022}
    }
  
    @inproceedings{YamakawaASJ2022,
      author = {山川 峻 and 北原 鉄朗},
      title = {GTTM分析のオープンソース実装},
      booktitle = {日本音響学会 2022年 春季研究発表会},
      series = {},
      volume = {},
      number = {},
      pages = {},
      month = {March },
      year = {2022}
    }
  
    @inproceedings{OshitaASJ2022,
      author = {大下 沙偉 and 北原 鉄朗},
      title = {フルート練習システム構築のための音響分析},
      booktitle = {日本音響学会 2022年 春季研究発表会},
      series = {},
      volume = {},
      number = {},
      pages = {},
      month = {March },
      year = {2022}
    }
  
    @inproceedings{UemuraAIMC2022,
      author = {Aiko Uemura and Tetsuro Kitahara},
      title = {Morphing-based Reharmonization with VAE: Reducing Dissonance with Consonance-based Loss Function},
      booktitle = {Proceedings of the 3rd Conference on AI Music Creativity (AIMC 2022)},
      series = {},
      volume = {},
      number = {},
      pages = {},
      month = {September },
      year = {2022}
    }
  
    @incollection{KitaharaAKB2016,
      author = {北原 鉄朗},
      title = {自動採譜},
      booktitle = {音響キーワードブック},
      series = {},
      volume = {},
      number = {},
      pages = {},
      publisher = {コロナ社},
      month = {March },
      year = {2016}
    }
  
    @incollection{KitaharaMPCHandbook2019a,
      author = {北原 鉄朗},
      title = {楽器音の特徴と識別},
      booktitle = {音楽知覚認知ハンドブック},
      series = {7.4.6節},
      volume = {},
      number = {},
      pages = {},
      publisher = {北大路書房},
      month = {February },
      year = {2020}
    }
  
    @incollection{KitaharaMPCHandbook2019b,
      author = {北原 鉄朗},
      title = {レンダリングシステム},
      booktitle = {音楽知覚認知ハンドブック},
      series = {7.6.3節},
      volume = {},
      number = {},
      pages = {},
      publisher = {北大路書房},
      month = {February },
      year = {2020}
    }
  